<record><leader>00000cas a2200000 a 4500</leader><controlfield tag="001">56059626</controlfield><controlfield tag="008">040730d18881uuuiluwr ne      0   a0eng c</controlfield><datafield ind1=" " ind2=" " tag="010"><subfield code="a">sn2004061966</subfield></datafield><datafield ind1=" " ind2=" " tag="040"><subfield code="a">NVF</subfield><subfield code="b">eng</subfield><subfield code="c">NVF</subfield><subfield code="d">OCLCQ</subfield><subfield code="d">NVF</subfield><subfield code="d">OCLCQ</subfield><subfield code="d">OCLCF</subfield><subfield code="d">NVF</subfield><subfield code="d">OCLCO</subfield></datafield><datafield ind1="1" ind2=" " tag="029"><subfield code="a">AU@</subfield><subfield code="b">000026091490</subfield></datafield><datafield ind1=" " ind2=" " tag="042"><subfield code="a">pcc</subfield></datafield><datafield ind1=" " ind2=" " tag="043"><subfield code="a">n-us-il</subfield></datafield><datafield ind1="0" ind2="4" tag="245"><subfield code="a">The Kewanee star.</subfield></datafield><datafield ind1=" " ind2=" " tag="260"><subfield code="a">Kewanee, Henry County, Ill. :</subfield><subfield code="b">Curtis Bros.</subfield></datafield><datafield ind1=" " ind2=" " tag="300"><subfield code="a">v.</subfield></datafield><datafield ind1=" " ind2=" " tag="310"><subfield code="a">Weekly</subfield></datafield><datafield ind1="1" ind2=" " tag="362"><subfield code="a">Began in 1888?</subfield></datafield><datafield ind1=" " ind2=" " tag="530"><subfield code="a">Preservation microfilmed by the University of Illinois at Urbana-Champaign Library as part of the United States Newspaper Program; the years 1890-1897 (on 2 microfilm reels) are available for purchase from OCLC Preservation Service Centers.</subfield></datafield><datafield ind1=" " ind2=" " tag="580"><subfield code="a">Daily eds.: Fair daily (Kewanee, Ill.), 1893-&lt;&gt;, and: Evening star (Kewanee, Ill.), &lt;1896&gt;</subfield></datafield><datafield ind1=" " ind2=" " tag="580"><subfield code="a">Merged with: Kewanee courier, to form: Kewanee weekly star-courier.</subfield></datafield><datafield ind1=" " ind2=" " tag="588"><subfield code="a">Description based on: Vol. 3, no. 30 (Nov. 18, 1890).</subfield></datafield><datafield ind1=" " ind2=" " tag="588"><subfield code="a">Latest issue consulted: Vol. 9, no. 36 (Dec. 30, 1897).</subfield></datafield><datafield ind1=" " ind2="0" tag="651"><subfield code="a">Kewanee (Ill.)</subfield><subfield code="v">Newspapers.</subfield></datafield><datafield ind1=" " ind2="7" tag="651"><subfield code="a">Illinois</subfield><subfield code="z">Kewanee.</subfield><subfield code="2">fast</subfield><subfield code="0">(OCoLC)fst01219159</subfield></datafield><datafield ind1=" " ind2="7" tag="655"><subfield code="a">Newspapers.</subfield><subfield code="2">fast</subfield><subfield code="0">(OCoLC)fst01423814</subfield></datafield><datafield ind1=" " ind2=" " tag="752"><subfield code="a">United States</subfield><subfield code="b">Illinois</subfield><subfield code="c">Henry</subfield><subfield code="d">Kewanee.</subfield></datafield><datafield ind1="1" ind2=" " tag="775"><subfield code="t">Fair daily (Kewanee, Ill.)</subfield><subfield code="w">(DLC)sn2004061968</subfield><subfield code="w">(OCoLC)56059712</subfield></datafield><datafield ind1="1" ind2=" " tag="775"><subfield code="t">Evening star (Kewanee, Ill.)</subfield><subfield code="w">(DLC)sn2004061967</subfield><subfield code="w">(OCoLC)56059386</subfield></datafield><datafield ind1="1" ind2="7" tag="785"><subfield code="t">Kewanee courier</subfield><subfield code="w">(DLC)sn 84038527</subfield><subfield code="w">(OCoLC)11331318</subfield></datafield><datafield ind1="1" ind2="7" tag="785"><subfield code="t">Kewanee weekly star-courier</subfield><subfield code="w">(DLC)sn 93055477</subfield><subfield code="w">(OCoLC)27314780</subfield></datafield></record>